@book{corbin2014gt,
  title={Basics of qualitative research: Techniques and procedures for developing grounded theory},
  author={Corbin, Juliet and Strauss, Anselm},
  year={2014},
  address={CA, USA},
  publisher={Sage publications}
}

@book{creswell2016qualitative,
  title={Qualitative inquiry and research design: Choosing among five approaches},
  author={Creswell, John W and Poth, Cheryl N},
  year={2016},
  address={CA, USA},
  publisher={Sage publications}
}

@misc{eu2017economic,
  title = {The economic and social impact of software \& services on competitiveness and innovation (SMART 2015/0015)},
  author={European-Commission},
  publisher={Publications Office of the European Union},
  howpublished = {\url{https://op.europa.eu/en/publication-detail/-/publication/480eff53-0495-11e7-8a35-01aa75ed71a11}},
  year={2015},
  note = {Accessed: 2021-04-22}
}

@book{braun2012thematic,
  title={Thematic analysis.},
  author={Braun, Virginia and Clarke, Victoria},
  year={2012},
  publisher={American Psychological Association}
}

@inproceedings{gregory2015agile, 
  title={Agile challenges in practice: a thematic analysis},
  author={Gregory, Peggy and Barroca, Leonor and Taylor, Katie and Salah, Dina and Sharp, Helen},
  booktitle={International Conference on Agile Software Development},
  pages={64--80},
  year={2015},
  organization={Springer}
}

@article{saad2021ux,
  title={UX work in software startups: a thematic analysis of the literature},
  author={Saad, Jullia and Martinelli, Suellen and Machado, Leticia S and de Souza, Cleidson RB and Alvaro, Alexandre and Zaina, Luciana},
  journal={Information and Software Technology},
  volume={140},
  pages={106688},
  year={2021},
  publisher={Elsevier}
}

@article{garousi2016challenges,
  title={Challenges and best practices in industry-academia collaborations in software engineering: A systematic literature review},
  author={Garousi, Vahid and Petersen, Kai and Ozkan, Baris},
  journal={Information and Software Technology},
  volume={79},
  pages={106--127},
  year={2016},
  publisher={Elsevier}
}

@article{braun2021can,
  title={Can I use TA? Should I use TA? Should I not use TA? Comparing reflexive thematic analysis and other pattern-based qualitative analytic approaches},
  author={Braun, Virginia and Clarke, Victoria},
  journal={Counselling and Psychotherapy Research},
  volume={21},
  number={1},
  pages={37--47},
  year={2021},
  publisher={Wiley Online Library}
}

@manual{website:thematic-analysis-faq,
 address = {\url{https://www.thematicanalysis.net/faqs/}},
 author = {Braun, Virginia and Clarke, Victoria},
 title = {Whatâ€™s the difference between thematic analysis and grounded theory?},
 year = {2023},
 note = {Last accessed on 03 January 2023}
}

@book{glaser1967discovery,
  title={The discovery of grounded theory: Strategies for qualitative research},
  author={Glaser, Barney G and Strauss},
  year={1967},
  publisher={Aldine de Gruyter, New York}
}

@book{charmaz2014constructing,
  title={Constructing grounded theory},
  author={Charmaz, Kathy},
  year={2014},
  publisher={sage}
}

@inproceedings{stol2016grounded,
  title={Grounded theory in software engineering research: a critical review and guidelines},
  author={Stol, Klaas-Jan and Ralph, Paul and Fitzgerald, Brian},
  booktitle={Proceedings of the 38th International conference on software engineering},
  pages={120--131},
  publisher = {Association for Computing Machinery},
address = {New York, NY, USA},
  year={2016}
}

@manual{website:maxqda,
 address = {\url{https://www.maxqda.com}},
 author = {VERBI GmbH},
 title = {The \#1 software for qualitative and mixed methods data analysis},
 year = {2023},
 organization = {VERBI GmbH},
 note = {Last accessed on 03 January 2023}
}



@book{strauss1998basics,
  title={Basics of Qualitative Research: Techniques and Procedures for Developing Grounded Theory},
  author={Strauss, A. and Corbin, J.M.},
  isbn={9780803959392},
  lccn={98025369},
  url={https://books.google.ca/books?id=y561swEACAAJ},
  year={1998},
  address={CA, USA},
  publisher={SAGE Publications}
}


@inproceedings{wasserman2017osspal,
  title={OSSpal: finding and evaluating open source software},
  author={Wasserman, Anthony I and Guo, Xianzheng and McMillian, Blake and Qian, Kai and Wei, Ming-Yu and Xu, Qian},
  booktitle={IFIP International Conference on Open Source Systems},
  pages={193--203},
  year={2017},
   publisher={Springer International Publishing},
   address={Cham},  
  organization={Springer, Cham}
}

 @inproceedings{HoveAnda,
  author    = {Siw Elisabeth Hove and
               Bente Anda},
  title     = {Experiences from Conducting Semi-structured Interviews in Empirical
               Software Engineering Research},
  booktitle = {11th {IEEE} International Symposium on Software Metrics},
  pages     = {23},
  publisher = {{IEEE} Computer Society},
  year      = {2005},
  address={Washington, DC, United States}
}

@article{Seaman,
  title = {Qualitative Methods in Empirical Studies of Software Engineering},
  author = {Carolyn B. Seaman},
  year = {1999},
  journal = {IEEE Trans. Software Eng.},
  volume = {25},
  number = {4},
  pages = {557-572},
}

@article{li2022exploring,
  title={Exploring factors and metrics to select open source software components for integration: An empirical study},
  author={Li, Xiaozhou and Moreschini, Sergio and Zhang, Zheying and Taibi, Davide},
  journal={Journal of Systems and Software},
  volume={188},
  pages={111255},
  year={2022},
  publisher={Elsevier}
}

@inproceedings{uddin2017automatic,
  title={Automatic summarization of API reviews},
  author={Uddin, Gias and Khomh, Foutse},
  booktitle={2017 32nd IEEE/ACM International Conference on Automated Software Engineering (ASE)},
  pages={159--170},
  year={2017},
  publisher={IEEE Press},
  address={Urbana-Champaign, IL, USA},
  organization={IEEE}
}

@inproceedings{umarji2008archetypal,
  title={Archetypal internet-scale source code searching},
  author={Umarji, Medha and Sim, Susan Elliott and Lopes, Crista},
  booktitle={Open Source Development, Communities and Quality: IFIP 20 th World Computer Congress, Working Group 2.3 on Open Source Software, September 7-10, 2008, Milano, Italy 4},
  pages={257--263},
  year={2008},
  publisher="Springer New York",
address="New York, NY",
  organization={Springer}
}

@inproceedings{deprez2008comparing,
  title={Comparing assessment methodologies for free/open source software: OpenBRR and QSOS},
  author={Deprez, Jean-Christophe and Alexandre, Simon},
  booktitle={Product-Focused Software Process Improvement: 9th International Conference, PROFES 2008 Monte Porzio Catone, Italy, June 23-25, 2008 Proceedings 9},
  pages={189--203},
  year={2008},
  publisher={Springer},
  address={Berlin, Germany},
  organization={Springer}
}

@article{cruz2006evaluation,
  title={Evaluation criteria for free/open source software products based on project analysis},
  author={Cruz, David and Wieland, Thomas and Ziegler, Alexander},
  journal={Software Process: Improvement and Practice},
  volume={11},
  number={2},
  pages={107--122},
  year={2006},
  publisher={Wiley Online Library}
}


@article{semeteys2008method,
  title={Method for qualification and selection of open source software},
  author={Semeteys, Rapha{\"e}l},
  journal={Open Source Business Resource},
  volume={May 2008},
  page={},
  year={2008}
}

@article{hummel2008code,
  title={Code conjurer: Pulling reusable software out of thin air},
  author={Hummel, Oliver and Janjic, Werner and Atkinson, Colin},
  journal={IEEE software},
  volume={25},
  number={5},
  pages={45--52},
  year={2008},
  publisher={IEEE}
}



@inproceedings{uddin2017opiner,
  title={Opiner: an opinion search and summarization engine for APIs},
  author={Uddin, Gias and Khomh, Foutse},
  booktitle={2017 32nd IEEE/ACM International Conference on Automated Software Engineering (ASE)},
  pages={978--983},
  year={2017},
  publisher={IEEE Press},
  address={Urbana-Champaign, IL, USA},
  organization={IEEE}
}

@incollection{dahlander2006business,
  title={Business models and community relationships of open source software firms},
  author={Dahlander, Linus and Magnusson, Mats G},
  booktitle={The economics of open source software development},
  pages={111--130},
  year={2006},
  address = {Amsterdam},
  publisher={Elsevier}
}

@article{riehle:2021:pattern,
  title={Pattern Discovery and Validation Using Scientific Research Methods},
  year={2021},
  author={Riehle, Dirk and Harutyunyan, Nikolay and Barcomb, Ann},
  pages={},
  journal={Transactions on Pattern Languages of Programming}
}


@inproceedings{harutyunyan:2018:understanding,
  title={Understanding Industry Requirements for {FLOSS} Governance Tools},
  author={Harutyunyan, Nikolay and Bauer, Andreas and Riehle, Dirk},
  booktitle={IFIP International Conference on Open Source Systems},
  pages={151--167},
  year={2018},
  organization={Springer},
  publisher={Springer International Publishing},
address={Cham}
}

@inproceedings{de2018library,
  title={Which library should i use?: A metric-based comparison of software libraries},
  author={De La Mora, Fernando L{\'o}pez and Nadi, Sarah},
  booktitle={2018 IEEE/ACM 40th International Conference on Software Engineering: New Ideas and Emerging Technologies Results (ICSE-NIER)},
  pages={37--40},
  year={2018},
  publisher={Association for Computing Machinery},
  address={Gothenburg, Sweden},
  organization={IEEE}
}

@inproceedings{de2018empirical,
  title={An empirical study of metric-based comparisons of software libraries},
  author={de la Mora, Fernando L{\'o}pez and Nadi, Sarah},
  booktitle={Proceedings of the 14th International Conference on Predictive Models and Data Analytics in Software Engineering},
  pages={22--31},
  publisher = {Association for Computing Machinery},
address = {New York, NY, USA},
  year={2018}
}

@inproceedings{el2020libcomp,
  title={LibComp: An IntelliJ plugin for comparing java libraries},
  author={El-Hajj, Rehab and Nadi, Sarah},
  booktitle={Proceedings of the 28th ACM Joint Meeting on European Software Engineering Conference and Symposium on the Foundations of Software Engineering},
  pages={1591--1595},
  publisher = {Association for Computing Machinery},
address = {New York, NY, USA},
  year={2020}
}

@inproceedings{lin2019pattern,
  title={Pattern-based mining of opinions in Q\&A websites},
  author={Lin, Bin and Zampetti, Fiorella and Bavota, Gabriele and Di Penta, Massimiliano and Lanza, Michele},
  booktitle={2019 IEEE/ACM 41st International Conference on Software Engineering (ICSE)},
  pages={548--559},
  year={2019},
  organization={IEEE},
  publisher={IEEE Press},
  address={Montreal, Quebec, Canada}
}

@article{uddin2019automatic,
  title={Automatic mining of opinions expressed about apis in stack overflow},
  author={Uddin, Gias and Khomh, Foutse},
  journal={IEEE Transactions on Software Engineering},
  volume={47},
  number={3},
  pages={522--559},
  year={2019},
  publisher={IEEE}
}

@article{uddin2022empirical,
  title={An Empirical Study of the Effectiveness of an Ensemble of Stand-alone Sentiment Detection Tools for Software Engineering Datasets},
  author={Uddin, Gias and Gu{\'e}h{\'e}nuc, Yann-Ga{\"e}l and Khomh, Foutse and Roy, Chanchal K},
  journal={ACM Transactions on Software Engineering and Methodology (TOSEM)},
  volume={31},
  number={3},
  pages={1--38},
  year={2022},
  publisher={ACM New York, NY}
}

@inproceedings{huang2018tell,
  title={Tell them apart: distilling technology differences from crowd-scale comparison discussions},
  author={Huang, Yi and Chen, Chunyang and Xing, Zhenchang and Lin, Tian and Liu, Yang},
  booktitle={2018 33rd IEEE/ACM International Conference on Automated Software Engineering (ASE)},
  pages={214--224},
  year={2018},
  publisher = {Association for Computing Machinery},
address = {New York, NY, USA},
  organization={IEEE}
}

@inproceedings{wang2020difftech,
  title={DiffTech: A tool for differencing similar technologies from question-and-answer discussions},
  author={Wang, Han and Chen, Chunyang and Xing, Zhenchang and Grundy, John},
  booktitle={Proceedings of the 28th ACM Joint Meeting on European Software Engineering Conference and Symposium on the Foundations of Software Engineering},
  pages={1576--1580},
  publisher = {Association for Computing Machinery},
  address = {New York, NY, USA},
  year={2020}
}
@article{wang2021difftech,
  title={DiffTech: Differencing Similar Technologies from Crowd-Scale Comparison Discussions},
  author={Wang, Han and Chen, Chunyang and Xing, Zhenchang and Grundy, John},
  journal={IEEE Transactions on Software Engineering},
  year={2021},
  volume={48},
  number={7},
  pages={2399-2416},
  publisher={IEEE}
}

@article{liu2021api,
  title={API-Related Developer Information Needs in Stack Overflow},
  author={Liu, Mingwei and Peng, Xin and Marcus, Andrian and Xing, Shuangshuang and Treude, Christoph and Zhao, Chengyuan},
  journal={IEEE Transactions on Software Engineering},
  year={2021},
  pages={4485-4500},
  volume={48},
  number={11},
  publisher={IEEE}
}

@inproceedings{wyss2022wolf,
  title={Wolf at the Door: Preventing Install-Time Attacks in npm with Latch},
  author={Wyss, Elizabeth and Wittman, Alexander and Davidson, Drew and De Carli, Lorenzo},
  booktitle={Proceedings of the 2022 ACM on Asia Conference on Computer and Communications Security},
  pages={1139--1153},
  publisher = {Association for Computing Machinery},
  address = {New York, NY, USA},
  year={2022}
}



@article{uddin2019understanding,
  title={Understanding how and why developers seek and analyze API-related opinions},
  author={Uddin, Gias and Baysal, Olga and Guerrouj, Latifa and Khomh, Foutse},
  journal={IEEE Transactions on Software Engineering},
  volume={47},
  number={4},
  pages={694--735},
  year={2019},
  publisher={IEEE}
}

@inproceedings{yan2022concept,
  title={Concept-Annotated Examples for Library Comparison},
  author={Yan, Litao and Kim, Miryung and Hartmann, Bjoern and Zhang, Tianyi and Glassman, Elena L},
  booktitle={Proceedings of the 35th Annual ACM Symposium on User Interface Software and Technology},
  pages={1--16},
  publisher = {Association for Computing Machinery},
  address = {Bend, OR, USA},
  year={2022}
}

@article{wolter:2022:open,
  url={https://oss.cs.fau.de/wp-content/uploads/2022/10/wolter-2022-open.pdf},
  title={Open Source License Inconsistencies on GitHub},
  author={Wolter, Thomas and Barcomb, Ann and Riehle, Dirk and Harutyunyan, Nikolay},
  year={2022},
  pages={},
  journal={Transactions on Software Engineering and Methodology}
}


@article{spinellis2019select,
  title={How to select open source components},
  author={Spinellis, Diomidis},
  journal={Computer},
  volume={52},
  number={12},
  pages={103--106},
  year={2019},
  publisher={IEEE}
}

@inproceedings{larios2020selecting,
  title={Selecting third-party libraries: The practitionersâ€™ perspective},
  author={Larios Vargas, Enrique and Aniche, Maur{\'\i}cio and Treude, Christoph and Bruntink, Magiel and Gousios, Georgios},
  booktitle={Proceedings of the 28th ACM joint meeting on european software engineering conference and symposium on the foundations of software engineering},
  pages={245--256},
  publisher = {Association for Computing Machinery},
address = {New York, NY, USA},
  year={2020}
}

@article{guba:1981:criteria,
  title={Criteria for assessing the trustworthiness of naturalistic inquiries},
  author={Guba, Egon G},
  journal={Educational Technology Research and Development},
  volume={29},
  number={2},
  pages={75--91},
  year={1981},
  publisher={Springer}
}

@article{eckhardt2009influences,
  title={Who influences whom? Analyzing workplace referentsâ€™ social influence on IT adoption and non-adoption},
  author={Eckhardt, Andreas and Laumer, Sven and Weitzel, Tim},
  journal={Journal of information technology},
  volume={24},
  number={1},
  pages={11--24},
  year={2009},
  publisher={SAGE Publications Sage UK: London, England}
}


@article{dishaw1998supporting,
  title={Supporting software maintenance with software engineering tools: A computed task--technology fit analysis},
  author={Dishaw, Mark T and Strong, Diane M},
  journal={Journal of Systems and Software},
  volume={44},
  number={2},
  pages={107--120},
  year={1998},
  publisher={Elsevier}
}


@inproceedings{krafft:2016:free,
  title={How do free/open source developers pick their tools?: {A} {D}elphi study of the {D}ebian project},
  author={Krafft, Martin F and Stol, Klaas-Jan and Fitzgerald, Brian},
  booktitle={Proceedings of the 38th International Conference on Software Engineering Companion},
  pages={232--241},
  year={2016},
  publisher={ACM},
  address={New York, NY, USA}
}


@book{kotler2014principles,
  title={Principles of Marketing},
  author={Kotler, P. and Armstrong, G.},
  isbn={9780133795028},
  lccn={2014035224},
  series={Always learning},
  url={https://books.google.ca/books?id=TA3OoQEACAAJ},
  year={2014},
  publisher={Pearson},
  address={London, UK}
}



@book{blackwell2001consumer,
  title={Consumer Behavior},
  author={Blackwell, R.D. and Miniard, P.W. and Engel, J.F.},
  isbn={9780030211089},
  lccn={00033520},
  series={Dryden Press series in marketing},
  url={https://books.google.ca/books?id=eocrAQAAMAAJ},
  year={2001},
  address={California, USA},
  publisher={Harcourt College Publishers}
}


@manual{fishbein1967attitude,
  title={Attitude and the prediction of behavior},
  author={Fishbein, Martin},
  journal={Readings in attitude theory and measurement},
  year={1967},
  publisher={Wiley},
  organization={Wiley}
}

@manual{website:replication-package,
 author = {{European Organization For Nuclear Research} and {OpenAIRE}},
 address = {\url{https://zenodo.org/deposit/7562896}},
 title = {Zenodo},
 year = {2023},
 publisher = {CERN},
 organization = {CERN},
 note = {Last updated on 02 February 2023}
}


@manual{website:osi,
 author = {Open Source Initiative},
 address = {\url{https://opensource.org/licenses}},
 title = {Licenses \& Standards},
 year = {2023},
 publisher = {OSI},
 organization = {Open Source Initiative},
 note = {Last updated on 02 February 2023}
}

@manual{website:gdpr,
 author = {European Union},
 address = {\url{https://gdpr.eu}},
 title = {Complete guide to GDPR compliance},
 year = {2023},
 publisher = {EU},
 organization = {EU},
 note = {Last updated on 02 February 2023}
}

@manual{website:fedramp,
 author = {United States Government},
 address = {\url{https://www.fedramp.gov/program-basics/}},
 title = {Federal Risk and Authorization Management Program},
 year = {2023},
 publisher = {United States Government},
 organization = {United States Government},
 note = {Last accessed on 02 February 2023}
}


@manual{website:eat-world,
 author = {Marc Andreessen},
 address ={\url{https://www.wsj.com/articles/SB10001424053111903480904576512250915629460}},
 title = {Why Software Is Eating The World},
 year = {2011},
 publisher = {The Wall Street Journal},
 organization = {The Wall Street Journal},
 note = {Last accessed on 02 February 2023}
}

% adoption frameworks:

@article{taherdoost2018-adoption-models,
title = {A review of technology acceptance and adoption models and theories},
journal = {Procedia Manufacturing},
volume = {22},
pages = {960-967},
year = {2018},
note = {11th International Conference Interdisciplinarity in Engineering, INTER-ENG 2017, 5-6 October 2017, Tirgu Mures, Romania},
issn = {2351-9789},
doi = {https://doi.org/10.1016/j.promfg.2018.03.137},
url = {https://www.sciencedirect.com/science/article/pii/S2351978918304335},
author = {Hamed Taherdoost},
}

@book{flanders1975belief-tra,
  title={Belief, Attitude, Intention, and Behavior: An Introduction to Theory and Research},
  author={Fishbein, M. and Ajzen, I.},
  isbn={9780201020892},
  lccn={74021455},
  series={Addison-Wesley series in social psychology},
  url={https://people.umass.edu/aizen/f&a1975.html},
  year={1975},
  publisher={Addison-Wesley Publishing Company}
}



@book{davis1985tam,
  title={A Technology Acceptance Model for Empirically Testing New End-user Information Systems: Theory and Results},
  author={Davis, F.D.},
  url={https://books.google.ca/books?id=hbx8NwAACAAJ},
  year={1985},
  publisher={Massachusetts Institute of Technology, Sloan School of Management}
}

@article{davis1989-tam-usefulness,
 ISSN = {02767783},
 URL = {http://www.jstor.org/stable/249008},
 author = {Fred D. Davis},
 journal = {MIS Quarterly},
 number = {3},
 pages = {319--340},
 publisher = {Management Information Systems Research Center, University of Minnesota},
 title = {Perceived Usefulness, Perceived Ease of Use, and User Acceptance of Information Technology},
 urldate = {2023-02-02},
 volume = {13},
 year = {1989}
}

@article{ajzen1991-tpb,
title = {The theory of planned behavior},
journal = {Organizational Behavior and Human Decision Processes},
volume = {50},
number = {2},
pages = {179-211},
year = {1991},
note = {Theories of Cognitive Self-Regulation},
issn = {0749-5978},
doi = {https://doi.org/10.1016/0749-5978(91)90020-T},
url = {https://www.sciencedirect.com/science/article/pii/074959789190020T},
author = {Icek Ajzen},
}


@book{tornatzky1990processes-toe,
  title={The Processes of Technological Innovation},
  author={Tornatzky, L.G. and Fleischer, M. and Chakrabarti, A.K.},
  isbn={9780669203486},
  lccn={89029695},
  series={Issues in organization and management series},
  url={https://books.google.ca/books?id=EotRAAAAMAAJ},
  year={1990},
  publisher={Lexington Books}
}

@article{zhu2005post-toe-critic,
  title={Post-adoption variations in usage and value of e-business by organizations: cross-country evidence from the retail industry},
  author={Zhu, Kevin and Kraemer, Kenneth L},
  journal={Information systems research},
  volume={16},
  number={1},
  pages={61--84},
  year={2005},
  publisher={INFORMS}
}

% Android: update
% people are not updating: Particularly alarming are our findings that 97.8% out of 16,837 actively used library versions with a known security vulnerability could be easily fixed through a drop-in replacement of the vulnerable library with the fixed version.
@inproceedings{aerr2017android-update, 
author = {Derr, Erik and Bugiel, Sven and Fahl, Sascha and Acar, Yasemin and Backes, Michael}, 
title = {Keep Me Updated: An Empirical Study of Third-Party Library Updatability on Android}, 
year = {2017}, 
isbn = {9781450349468}, 
publisher = {Association for Computing Machinery}, 
address = {New York, NY, USA}, 
url = {https://doi.org/10.1145/3133956.3134059}, 
doi = {10.1145/3133956.3134059}, 
booktitle = {Proceedings of the 2017 ACM SIGSAC Conference on Computer and Communications Security}, 
pages = {2187â€“2200}, 
numpages = {14}, 
keywords = {android, third-party library, updatability, app security, api}, 
location = {Dallas, Texas, USA}, series = {CCS '17} }




% Android: library integration history in 2,997 open source Android apps. Found library adoption and upgrade patterns in mobile applications for 32 popular libararies,

@inproceedings{polese2022android-integration-history, 
author = {Polese, Aidan and Hassan, Safwat and Tian, Yuan}, 
title = {Adoption of Third-Party Libraries in Mobile Apps: A Case Study on Open-Source Android Applications}, 
year = {2022}, 
isbn = {9781450393010}, 
publisher = {Association for Computing Machinery}, 
address = {New York, NY, USA}, url = {https://doi.org/10.1145/3524613.3527810}, 
doi = {10.1145/3524613.3527810}, 
booktitle = {Proceedings of the 9th IEEE/ACM International Conference on Mobile Software Engineering and Systems}, 
pages = {125â€“135}, 
numpages = {11}, 
keywords = {empirical study, third-party libraries, adoption percentage, Android application, open-source, mobile applications}, 
location = {Pittsburgh, Pennsylvania}, series = {MOBILESoft '22} 
}

% Android: upgrade rate. About 28% of API references in client applications are outdated with a median lagging time of 16 months. 
@INPROCEEDINGS{mcDonnell2013android-update-lagging,
  author={McDonnell, Tyler and Ray, Baishakhi and Kim, Miryung},
  booktitle={2013 IEEE International Conference on Software Maintenance}, 
  title={An Empirical Study of API Stability and Adoption in the Android Ecosystem}, 
  year={2013},
  volume={},
  number={},
  pages={70-79},
  doi={10.1109/ICSM.2013.18}}

% data science: developers have different priority than other software engineers.
  @article{nadi2023datascience,
  title={Selecting third-party libraries: the data scientistâ€™s perspective},
  author={Nadi, Sarah and Sakr, Nourhan},
  journal={Empirical Software Engineering},
  volume={28},
  number={1},
  pages={15},
  year={2023},
  publisher={Springer}
}

% popular API characteristics: 1491 most popular APIs from GitHub was analyzed for their properties. Found that popular libraries are bigger and better documented but less stable than other APIs.
@article{lima2020popular-characteristics,
  title={What are the characteristics of popular APIs? A large-scale study on Java, Android, and 165 libraries},
  author={Lima, Caroline and Hora, Andre},
  journal={Software Quality Journal},
  volume={28},
  number={2},
  pages={425--458},
  year={2020},
  publisher={Springer}
}

% selected package/API characteritics in javascript: 2,527 popular and non-popular packages. selected packages are popular and well documented.
@article{sujahid2023popular-javascript,
title = {What are the characteristics of highly-selected packages? A case study on the npm ecosystem},
journal = {Journal of Systems and Software},
volume = {198},
pages = {111588},
year = {2023},
issn = {0164-1212},
doi = {https://doi.org/10.1016/j.jss.2022.111588},
url = {https://www.sciencedirect.com/science/article/pii/S0164121222002643},
author = {Suhaib Mujahid and Rabe Abdalkareem and Emad Shihab},
keywords = {highly-selected packages, Package quality, Software ecosystem, npm}
}



% Android: recommendation of library
@InProceedings{moataz2020android-reco,
author="Chouchen, Moataz
and Ouni, Ali
and Mkaouer, Mohamed Wiem",
editor="Ben Sassi, Sihem
and Ducasse, St{\'e}phane
and Mili, Hafedh",
title="AndroLib: Third-Party Software Library Recommendation for Android Applications",
booktitle="Reuse in Emerging Software Engineering Practices",
year="2020",
publisher="Springer International Publishing",
address="Cham",
pages="208--225",
isbn="978-3-030-64694-3"
}

% library recommendation for migration
@INPROCEEDINGS{he2021migration,
  author={He, Hao and Xu, Yulin and Ma, Yixiao and Xu, Yifei and Liang, Guangtai and Zhou, Minghui},
  booktitle={2021 IEEE International Conference on Software Analysis, Evolution and Reengineering (SANER)}, 
  title={A Multi-Metric Ranking Approach for Library Migration Recommendations}, 
  year={2021},
  volume={},
  number={},
  pages={72-83},
  doi={10.1109/SANER50967.2021.00016}}

% literature review on 60 software package  selection/evaluation papers
%(2) there is lack of a common list of generic software evaluation criteria and its meaning, and (3) there is need to develop a framework comprising of software selection methodology, evaluation technique, evaluation criteria, and system to assist decision makers in software selection.
@article{jadhav2009review,
title = {Evaluating and selecting software packages: A review},
journal = {Information and Software Technology},
volume = {51},
number = {3},
pages = {555-563},
year = {2009},
issn = {0950-5849},
doi = {https://doi.org/10.1016/j.infsof.2008.09.003},
url = {https://www.sciencedirect.com/science/article/pii/S0950584908001262},
author = {Anil S. Jadhav and Rajendra M. Sonar},
keywords = {Software evaluation, Software selection, Evaluation criteria, Software selection tools},
}